@book{kasabov2019time,
	title={Time-space, spiking neural networks and brain-inspired artificial intelligence},
	author={Kasabov, Nikola K},
	year={2019},
	publisher={Springer}
}

@misc{dan_goodman_2022_7044500,
	author       = {Dan Goodman and
	Tomas Fiers and
	Richard Gao and
	Marcus Ghosh and
	Nicolas Perez},
	title        = {{Spiking Neural Network Models in Neuroscience - 
	Cosyne Tutorial 2022}},
	month        = sep,
	year         = 2022,
	publisher    = {Zenodo},
	version      = {1.0},
	doi          = {10.5281/zenodo.7044500},
	url          = {https://doi.org/10.5281/zenodo.7044500}
}

@misc{jones2020single,
	title={Can Single Neurons Solve MNIST? The Computational Power of Biological Dendritic Trees},
	author={Ilenna Simone Jones and Konrad Paul Kording},
	year={2020},
	eprint={2009.01269},
	archivePrefix={arXiv},
	primaryClass={q-bio.NC},
	url={https://github.com/ilennaj/ktree}
}